@MISC{WEBSITE:1,
	HOWPUBLISHED = "\url{https://www.ontario.ca/page/path-2025-ontarios-accessibility-action-plan}",
	AUTHOR = "Brad Duguid",
	TITLE = "The Path to 2025: Ontario’s Accessibility Action Plan",
	MONTH = "June",
	YEAR = "2015",
	NOTE = "Accessed on May/14/2018"
}
@MISC{WEBSITE:2,
	HOWPUBLISHED = "\url{https://www.livestrong.com/article/241936-challenges-that-blind-people-face/}",
	AUTHOR = "Kate Beck",
	TITLE = "Challenges That Blind People Face",
	MONTH = "April",
	YEAR = "2018",
	NOTE = "Accessed on May/14/2018"
}
@MISC{WEBSITE:3,
	HOWPUBLISHED = "\url{https://www.hobo-web.co.uk/design-website-for-blind/#-rnib-royal-national-institute-for-the-blind}",
	AUTHOR = "Shaun Anderson",
	TITLE = "How To Design Websites For Blind/Visually Impaired, Deaf, Disabled \& Dyslexic Visitors",
	MONTH = "April",
	YEAR = "2018",
	NOTE = "Accessed on May/14/2018"
}
@MISC{WEBSITE:4,
	HOWPUBLISHED = "\url{http://www.afb.org/info/programs-and-services/afb-consulting-services/afb-accessibility-resources/123}",
	AUTHOR = "the American Foundation for the Blind",
	TITLE = "Creating Accessible Websites",
	MONTH = "May",
	YEAR = "2018",
	NOTE = "Accessed on May/14/2018"
}
@MISC{WEBSITE:6,
	HOWPUBLISHED = "\url{https://webaim.org/articles/visual/blind}",
	AUTHOR = "the Web Accessibility in Mind",
	TITLE = "How Blind People Use the Web",
	MONTH = "August",
	YEAR = "2013",
	NOTE = "Accessed on May/14/2018"
}
@MISC{WEBSITE:7,
	HOWPUBLISHED = "\url{http://www.who.int/en/news-room/fact-sheets/detail/blindness-and-visual-impairment}",
	AUTHOR = "the World Health Organization",
	TITLE = "Blindness and visual impairment",
	MONTH = "October",
	YEAR = "2017",
	NOTE = "Accessed on May/14/2018"
}
@MISC{WEBSITE:8,
	HOWPUBLISHED = "\url{https://www.w3.org/WAI/older-users/}",
	AUTHOR = "the Web Accessibility Initiative",
	TITLE = "Older Users and Web Accessibility:
Meeting the Needs of Aging Web Users",
	MONTH = "Dec",
	YEAR = "2018",
	NOTE = "Accessed on May/14/2018"
}
@MISC{WEBSITE:9,
	HOWPUBLISHED = "\url{http://example.com}",
	AUTHOR = "Intel",
	TITLE = "Example Website",
	MONTH = "February",
	YEAR = "2010",
	NOTE = "Accessed on May/14/2018"
}
@MISC{WEBSITE:10,
	HOWPUBLISHED = "\url{https://www.aoa.org/patients-and-public/good-vision-throughout-life/adult-vision-19-to-40-years-of-age/adult-vision-41-to-60-years-of-age}",
	AUTHOR = "the American Optometric Association",
	TITLE = "Adult Vision: 41 to 60 Years of Age",
	MONTH = "Dec",
	YEAR = "2018",
	NOTE = "Accessed on May/14/2018"
}
@MISC{WEBSITE:11,
	HOWPUBLISHED = "\url{https://www.history.com/topics/inventions/invention-of-the-internet}",
	AUTHOR = "the History",
	TITLE = "THE INVENTION OF THE INTERNET",
	MONTH = "Dec",
	YEAR = "2016",
	NOTE = "Accessed on May/14/2018"
}
@MISC{WEBSITE:12,
	HOWPUBLISHED = "\url{http://carlcheo.com/compsci}",
	AUTHOR = "Carl Cheo",
	TITLE = "40 Key Computer Science Concepts Explained In Layman’s Terms",
	MONTH = "Jan",
	YEAR = "2016",
	NOTE = "Accessed on May/14/2018"
}
@MISC{WEBSITE:13,
	HOWPUBLISHED = "\url{https://news.un.org/en/story/2015/11/516862-some-32-billion-people-now-online-number-still-falls-short-internet-target-un}",
	AUTHOR = "the UN NEWS",
	TITLE = "Some 3.2 billion people now online, but number still falls short of Internet target – UN report",
	MONTH = "November",
	YEAR = "2015",
	NOTE = "Accessed on May/14/2018"
}
@MISC{WEBSITE:14,
	HOWPUBLISHED = "\url{https://medium.freecodecamp.org/web-development-explained-to-a-time-traveler-from-ten-years-ago-600fad81170d}",
	AUTHOR = "Ivan Zarea",
	TITLE = "How I would explain a decade of web development to a time traveler from 2007",
	MONTH = "Oct",
	YEAR = "2017",
	NOTE = "Accessed on May/14/2018"
}
@MISC{WEBSITE:15,
	HOWPUBLISHED = "\url{https://cielo24.com/2017/03/a-brief-history-of-accessibility-law-us/}",
	AUTHOR = "Kristen Wells",
	TITLE = "A Brief History of Accessibility Law in the U.S. ",
	MONTH = "March",
	YEAR = "2017",
	NOTE = "Accessed on May/14/2018"
}
